@ARTICLE{Bybee:1983,
	author = {Bybee, J. L. and Moder, C. L.},
	title = {Morphological classes as natural categories. Language},
	journal = {Language},
	year = {1983},
	volume = {59},
	pages = {251-270},
	number = {2},
	month = {June},
	publisher = {Linguistic Society of America}
}

@BOOK{chomsky:1968,
	title = {The sound pattern of English},
	publisher = {MIT Press},
	author = {Chomsky, N. and Halle, M.},
	year = {1968/1991},
}

@misc{chollet2015keras,
  title={Keras},
  author={Chollet, Fran\c{c}ois and others},
  year={2015},
  howpublished={\url{https://keras.io}},
}

@BOOK{marcus:1992,
	title = {Overregularization in language acquisition. Monographs of the Society for Research in Child Development},
	author = {Marcus, G., et al.},
	year = {1992},
}

@ARTICLE{Pinker:1988,
	author = {Pinker, S. and Prince, A.},
	title = {On language and connectionism: Analysis of a parallel distributed
processing model of language acquisition},
	journal = {Cognition},
	year = {1988},
	volume = {28},
	pages = {73-193},
	number = {2},
	month = {March},
}

@BOOK{rashid:2016,
	title = {Make Your Own Neural Network: A Gentle Journey Through the Mathematics of Neural Networks, and Making Your Own Using the Python Computer Language},
	author = {Rashid, T.},
	year = {2016},
}

@BOOK{rumelhart:1986,
	title = {On learning the past tenses of English verbs},
	publisher = {Bradford Books/MIT Press},
	author = {Rumelhart, D. E. and McClelland, J. L},
	year = {1986},
}

